@misc{financiamento,
    title      = {Significado de {Financiamento}},
    url        = {http://www.dicionarioinformal.com.br/financiamento/},
    abstract   = {Significado de financiamento. O que é  financiamento: Financiamento é o ato de uma organização, usualmente uma empresa, que ajuda a pagar um produto ou um serviço de uma pessoa, ou de outra empresa, através de doação de dinheiro ou empréstimo.},
    urldate    = {2022-11-09},
    accessdate = {12 de março de 2023}
}

@misc{taxas_juros_bcb,
    author     = {Banco Central do Brasil},
    title      = {Pessoa Física - Aquisição de veículos},
    url        = {https://www.bcb.gov.br/estatisticas/reporttxjuros?parametros=tipopessoa:1;modalidade:401;encargo:101},
    abstract   = {Banco Central do Brasil},
    urldate    = {2023-03-12},
    accessdate = {12 de março de 2023}
}