@misc{financiamento,
    title    = {Significado de {Financiamento}},
    url      = {http://www.dicionarioinformal.com.br/financiamento/},
    abstract = {Significado de financiamento. O que é  financiamento: Financiamento é o ato de uma organização, usualmente uma empresa, que ajuda a pagar um produto ou um serviço de uma pessoa, ou de outra empresa, através de doação de dinheiro ou empréstimo.},
    urldate  = {2022-11-09}
}

@misc{financiamento_2022,
    title    = {Financiamento de {VEÍCULOS} tem {MELHOR} resultado do ano},
    url      = {https://fdr.com.br/2022/09/13/financiamento-de-veiculos-tem-melhor-resultado-do-ano/},
    abstract = {Em agosto, o financiamento de veículos totalizou a venda de milhares unidades, entre novos e usados. Em comparação ao mês anterior, as vendas financiadas de veículos aumentaram. Os dados foram divulgados pela B3 na última sexta-feira (9).},
    language = {pt-BR},
    urldate  = {2022-11-10},
    journal  = {FDR},
    month    = sep,
    year     = {2022}
}
@misc{mercado_seminovos,
    title    = {Mercado de carros usados e seminovos virou oportunidade na crise da pandemia},
    url      = {https://autoesporte.globo.com/carros/usados-e-seminovos/noticia/2022/04/mercado-de-carros-usados-e-seminovos-virou-oportunidade-na-crise-da-pandemia.ghtml},
    abstract = {Setor aproveita instabilidade dos 0 km e cresce nos últimos dois anos; só em 2021 foram 15,1 milhões de veículos comercializados},
    language = {pt-br},
    urldate  = {2022-11-10},
    journal  = {autoesporte}
}