@misc{slides_clp_2,
    title={Conceitos de Linguagens de Programação Evolução das principais linguagens de programação},
    year={2020},
    author={Jorge Habib El Khouri},
    urlaccessdate = {21 de maio de 2022}
}
@misc{financiamento,
	title = {Significado de {Financiamento}},
	url = {http://www.dicionarioinformal.com.br/financiamento/},
	abstract = {Significado de financiamento. O que é  financiamento: Financiamento é o ato de uma organização, usualmente uma empresa, que ajuda a pagar um produto ou um serviço de uma pessoa, ou de outra empresa, através de doação de dinheiro ou empréstimo.},
	urldate = {2022-11-09},
}